<?xml version="1.0" encoding="UTF-8"?><record xmlns="http://www.loc.gov/MARC21/slim" xmlns:cinclude="http://apache.org/cocoon/include/1.0" xmlns:zs="http://www.loc.gov/zing/srw/">
  <leader>00442nz  a2200121n  4500</leader>
  <controlfield tag="001">nr 92038792 </controlfield>
  <controlfield tag="003">DLC</controlfield>
  <controlfield tag="005">19921106054807.5</controlfield>
  <controlfield tag="008">921102n| acannaab|          |n aaa     c</controlfield>
  <datafield tag="010" ind1=" " ind2=" ">
    <subfield code="a">nr 92038792 </subfield>
  </datafield>
  <datafield tag="040" ind1=" " ind2=" ">
    <subfield code="a">NjP</subfield>
    <subfield code="c">NjP</subfield>
  </datafield>
  <datafield tag="100" ind1="1" ind2="0">
    <subfield code="a">Ṭarzī, Ṣalāḥ al-Dīn</subfield>
  </datafield>
  <datafield tag="670" ind1=" " ind2=" ">
    <subfield code="a">Ṭarzī, F. Ṣalāḥ al-Dīn al-Ṭarzī wa-al-qaḍīyah al-Filasṭīnīyah ... 1982:</subfield>
    <subfield code="b">2 p. after t.p. (al-shahīd al-Duktūr Ṣalāḥ al-Dīn al-Ṭarzī)</subfield>
  </datafield>
</record>